


@article{Alexander20,
  doi = {10.1088/2058-9565/aba404},
  url = {https://doi.org/10.1088%2F2058-9565%2Faba404},
  year = 2020,
  month = {aug},
  publisher = {{IOP} Publishing},
  volume = {5},
  number = {4},
  pages = {044006},
  author = {Thomas Alexander and Naoki Kanazawa and Daniel J Egger and Lauren Capelluto and Christopher J Wood and Ali Javadi-Abhari and David C McKay},
  title = {Qiskit pulse: programming quantum computers through the cloud with pulses},
  journal = {Quantum Science and Technology}
}

@article{Bharti22,
  doi = {10.1103/revmodphys.94.015004},
   url = {https://doi.org/10.1103%2Frevmodphys.94.015004},
  year = 2022,
  month = {feb},
  publisher = {American Physical Society ({APS})},
  volume = {94},
  number = {1},
  author = {Kishor Bharti and Alba Cervera-Lierta and Thi Ha Kyaw and Tobias Haug and Sumner Alperin-Lea and Abhinav Anand and Matthias Degroote and Hermanni Heimonen and Jakob S. Kottmann and Tim Menke and Wai-Keong Mok and Sukin Sim and Leong-Chuan Kwek and Al{\'{a}
}n Aspuru-Guzik},
  title = {Noisy intermediate-scale quantum algorithms},
  journal = {Reviews of Modern Physics}
}

@article{Bravyi21,
  doi = {10.1103/physreva.103.042605},
  url = {https://doi.org/10.1103%2Fphysreva.103.042605},
  year = 2021,
  month = {apr},
  publisher = {American Physical Society ({APS})},
  volume = {103},
  number = {4},
  author = {Sergey Bravyi and Sarah Sheldon and Abhinav Kandala and David C. Mckay and Jay M. Gambetta},
  title = {Mitigating measurement errors in multiqubit experiments},
  journal = {Physical Review A}
}


@article{Corcoles21a,
  title = {Exploiting Dynamic Quantum Circuits in a Quantum Algorithm with Superconducting Qubits},
  author = {C\'orcoles, A. D. and Takita, Maika and Inoue, Ken and Lekuch, Scott and Minev, Zlatko K. and Chow, Jerry M. and Gambetta, Jay M.},
  journal = {Phys. Rev. Lett.},
  volume = {127},
  issue = {10},
  pages = {100501},
  numpages = {6},
  year = {2021},
  month = {Aug},
  publisher = {American Physical Society},
  doi = {10.1103/PhysRevLett.127.100501},
  url = {https://link.aps.org/doi/10.1103/PhysRevLett.127.100501}
}


@article{Cross19a,
  title = {Validating quantum computers using randomized model circuits},
  author = {Cross, Andrew W. and Bishop, Lev S. and Sheldon, Sarah and Nation, Paul D. and Gambetta, Jay M.},
  journal = {Phys. Rev. A},
  volume = {100},
  issue = {3},
  pages = {032328},
  numpages = {11},
  year = {2019},
  month = {Sep},
  publisher = {American Physical Society},
  doi = {10.1103/PhysRevA.100.032328},
  url = {https://link.aps.org/doi/10.1103/PhysRevA.100.032328}
}


@article{Earnest21,
  doi = {10.1103/physrevresearch.3.043088},
  url = {https://doi.org/10.1103%2Fphysrevresearch.3.043088},
  year = 2021,
  month = {oct},
  publisher = {American Physical Society ({APS})},
  volume = {3},
  number = {4},
  author = {Nathan Earnest and Caroline Tornow and Daniel J. Egger},
  title = {Pulse-efficient circuit transpilation for quantum applications on cross-resonance-based hardware},
  journal = {Physical Review Research}
}


@misc{Gokhale20,
  doi = {10.48550/ARXIV.2004.11205},
  url = {https://arxiv.org/abs/2004.11205},
  author = {Gokhale, Pranav and Javadi-Abhari, Ali and Earnest, Nathan and Shi, Yunong and Chong, Frederic T.},
  keywords = {Quantum Physics (quant-ph), Systems and Control (eess.SY), FOS: Physical sciences, FOS: Physical sciences, FOS: Electrical engineering, electronic engineering, information engineering, FOS: Electrical engineering, electronic engineering, information engineering},
  title = {Optimized Quantum Compilation for Near-Term Algorithms with OpenPulse},
  publisher = {arXiv},
  year = {2020},
  copyright = {arXiv.org perpetual, non-exclusive license}
}


@article{Heras14,
  doi = {10.1103/physrevlett.112.200501},
  url = {https://doi.org/10.1103%2Fphysrevlett.112.200501},
  year = 2014,
  month = {may},
  publisher = {American Physical Society ({APS})},
  volume = {112},
  number = {20},
  author = {U. Las Heras and A. Mezzacapo and L. Lamata and S. Filipp and A. Wallraff and E. Solano},
  title = {Digital Quantum Simulation of Spin Systems in Superconducting Circuits},
  journal = {Physical Review Letters}
}


@misc{Iten19,
  doi = {10.48550/ARXIV.1909.05270},
  url = {https://arxiv.org/abs/1909.05270},
  author = {Iten, Raban and Moyard, Romain and Metger, Tony and Sutter, David and Woerner, Stefan},
  keywords = {Quantum Physics (quant-ph), Data Structures and Algorithms (cs.DS), FOS: Physical sciences, FOS: Physical sciences, FOS: Computer and information sciences, FOS: Computer and information sciences},
  title = {Exact and practical pattern matching for quantum circuit optimization},
  publisher = {arXiv},
  year = {2019},
  copyright = {arXiv.org perpetual, non-exclusive license}
}



@article{Kandala19,
  doi = {10.1038/s41586-019-1040-7},
  url = {https://doi.org/10.1038/s41586-019-1040-7},
  year = 2019,
  volume = {567},
  pages = {491},
  author = {Kandala, Abhinav and Temme, Kristan and CÃ³rcoles, Antonio D. and Mezzacapo, Antonio and Chow, Jerry M. and Gambetta, Jay M.},
  title = {Error mitigation extends the computational reach of a noisy quantum processor},
  journal = {Nature}
}

@misc{Kim21,
  doi = {10.48550/ARXIV.2108.09197},  
  url = {https://arxiv.org/abs/2108.09197},
  author = {Kim, Youngseok and Wood, Christopher J. and Yoder, Theodore J. and Merkel, Seth T. and Gambetta, Jay M. and Temme, Kristan and Kandala, Abhinav},
  keywords = {Quantum Physics (quant-ph), Mesoscale and Nanoscale Physics (cond-mat.mes-hall), FOS: Physical sciences, FOS: Physical sciences},
  title = {Scalable error mitigation for noisy quantum circuits produces competitive expectation values},
  publisher = {arXiv},
  year = {2021},
  copyright = {arXiv.org perpetual, non-exclusive license}
}



@article{Krantz19,
  doi = {10.1063/1.5089550},
  url = {https://doi.org/10.1063%2F1.5089550},
  year = 2019,
  month = {jun},
  publisher = {{AIP} Publishing},
  volume = {6},
  number = {2},
  pages = {021318},
  author = {P. Krantz and M. Kjaergaard and F. Yan and T. P. Orlando and S. Gustavsson and W. D. Oliver},
  title = {A quantum engineer{\textquotesingle}s guide to superconducting qubits},
  journal = {Applied Physics Reviews}
}


@misc{LaRose20,
  doi = {10.48550/ARXIV.2009.04417},
  url = {https://arxiv.org/abs/2009.04417}, 
  author = {LaRose, Ryan and Mari, Andrea and Kaiser, Sarah and Karalekas, Peter J. and Alves, Andre A. and Czarnik, Piotr and Mandouh, Mohamed El and Gordon, Max H. and Hindy, Yousef and Robertson, Aaron and Thakre, Purva and Shammah, Nathan and Zeng, William J.},
  keywords = {Quantum Physics (quant-ph), Emerging Technologies (cs.ET), FOS: Physical sciences, FOS: Physical sciences, FOS: Computer and information sciences, FOS: Computer and information sciences},
  title = {Mitiq: A software package for error mitigation on noisy quantum computers},
  publisher = {arXiv},
  year = {2020},
  copyright = {arXiv.org perpetual, non-exclusive license}
}


@article{Lloyd96,
doi = {10.1126/science.273.5278.1073},
author = {Seth Lloyd },
title = {Universal Quantum Simulators},
journal = {Science},
volume = {273},
number = {5278},
pages = {1073-1078},
year = {1996},
url = {https://www.science.org/doi/abs/10.1126/science.273.5278.1073},
}


@inproceedings{murali20,
  title={Software mitigation of crosstalk on noisy intermediate-scale quantum computers},
  author={Murali, Prakash and McKay, David C and Martonosi, Margaret and Javadi-Abhari, Ali},
  booktitle={Proceedings of the Twenty-Fifth International Conference on Architectural Support for Programming Languages and Operating Systems},
  pages={1001--1016},
  year={2020}
}

@article{Nation21,
  doi = {10.1103/prxquantum.2.040326},
  url = {https://doi.org/10.1103%2Fprxquantum.2.040326},
  year = 2021,
  month = {nov},
  publisher = {American Physical Society ({APS})},
  volume = {2},
  number = {4},
  author = {Paul D. Nation and Hwajung Kang and Neereja Sundaresan and Jay M. Gambetta},
  title = {Scalable Mitigation of Measurement Errors on Quantum Computers},
  journal = {{PRX} Quantum}
}

@article{Preskill18,
  doi = {10.22331/q-2018-08-06-79},
  url = {https://doi.org/10.22331%2Fq-2018-08-06-79},
  year = 2018,
  month = {aug},
  publisher = {Verein zur Forderung des Open Access Publizierens in den Quantenwissenschaften},
  volume = {2},
  pages = {79},
  author = {John Preskill},
  title = {Quantum Computing in the {NISQ} era and beyond},
  journal = {Quantum}
}

@article{Salathe15,
  title = {Digital Quantum Simulation of Spin Models with Circuit Quantum Electrodynamics},
  author = {Salath\'e, Y. and Mondal, M. and Oppliger, M. and Heinsoo, J. and Kurpiers, P. and Poto\ifmmode \check{c}\else \v{c}\fi{}nik, A. and Mezzacapo, A. and Las Heras, U. and Lamata, L. and Solano, E. and Filipp, S. and Wallraff, A.},
  journal = {Phys. Rev. X},
  volume = {5},
  issue = {2},
  pages = {021027},
  numpages = {12},
  year = {2015},
  month = {Jun},
  publisher = {American Physical Society},
  doi = {10.1103/PhysRevX.5.021027},
  url = {https://link.aps.org/doi/10.1103/PhysRevX.5.021027}
}


@misc{Satoh21,
  doi = {10.48550/ARXIV.2102.06117}, 
  url = {https://arxiv.org/abs/2102.06117},
  author = {Satoh, Takahiko and Oomura, Shun and Sugawara, Michihiko and Yamamoto, Naoki},
  keywords = {Quantum Physics (quant-ph), FOS: Physical sciences, FOS: Physical sciences},
  title = {Pulse-engineered Controlled-V gate and its applications on superconducting quantum device},
  publisher = {arXiv},
  year = {2021},
  copyright = {arXiv.org perpetual, non-exclusive license}
}


@article{Sheldon16,
  doi = {10.1103/physreva.93.060302},
  url = {https://doi.org/10.1103%2Fphysreva.93.060302},
  year = 2016,
  month = {jun},
  publisher = {American Physical Society ({APS})},
  volume = {93},
  number = {6},
  author = {Sarah Sheldon and Easwar Magesan and Jerry M. Chow and Jay M. Gambetta},
  title = {Procedure for systematically tuning up cross-talk in the cross-resonance gate},
  journal = {Physical Review A}
}



@article{Smith19,
  doi = {10.1038/s41534-019-0217-0},
  url = {https://doi.org/10.1038%2Fs41534-019-0217-0},
  year = 2019,
  month = {nov},
  publisher = {Springer Science and Business Media {LLC}
},
  volume = {5},
  number = {1},
  author = {Adam Smith and M. S. Kim and Frank Pollmann and Johannes Knolle},
  title = {Simulating quantum many-body dynamics on a current digital quantum computer},
  journal = {npj Quantum Information}
}

@misc{Smith22,
  doi = {10.48550/ARXIV.2202.13600},
  url = {https://arxiv.org/abs/2202.13600},
  author = {Smith, Kaitlin N. and Ravi, Gokul Subramanian and Alexander, Thomas and Bronn, Nicholas T. and Carvalho, Andre and Cervera-Lierta, Alba and Chong, Frederic T. and Chow, Jerry M. and Cubeddu, Michael and Hashim, Akel and Jiang, Liang and Lanes, Olivia and Otten, Matthew J. and Schuster, David I. and Gokhale, Pranav and Earnest, Nathan and Galda, Alexey},
  keywords = {Quantum Physics (quant-ph), FOS: Physical sciences, FOS: Physical sciences},
  title = {Summary: Chicago Quantum Exchange (CQE) Pulse-level Quantum Control Workshop},
  publisher = {arXiv},
  year = {2022},
  copyright = {arXiv.org perpetual, non-exclusive license}
}


@article{Stenger21,
  doi = {10.1103/physrevresearch.3.033171},
  url = {https://doi.org/10.1103%2Fphysrevresearch.3.033171},
  year = 2021,
  month = {aug},
  publisher = {American Physical Society ({APS})},
  volume = {3},
  number = {3},
  author = {John P. T. Stenger and Nicholas T. Bronn and Daniel J. Egger and David Pekker},
  title = {Simulating the dynamics of braiding of Majorana zero modes using an {IBM} quantum computer},
  journal = {Physical Review Research}
}


@article{Sundaresan20,
  doi = {10.1103/prxquantum.1.020318}, 
  url = {https://doi.org/10.1103%2Fprxquantum.1.020318},
  year = 2020,
  month = {dec},
  publisher = {American Physical Society ({APS})},
  volume = {1},
  number = {2},
  author = {Neereja Sundaresan and Isaac Lauer and Emily Pritchett and Easwar Magesan and Petar Jurcevic and Jay M. Gambetta},
  title = {Reducing Unitary and Spectator Errors in Cross Resonance with Optimized Rotary Echoes},
  journal = {{PRX} Quantum}
}

@article{Tacchino19,
  doi = {10.1002/qute.201900052},
  url = {https://doi.org/10.1002%2Fqute.201900052},
  year = 2019,
  month = {dec},
  publisher = {Wiley},
  volume = {3},
  number = {3},
  pages = {1900052},
  author = {Francesco Tacchino and Alessandro Chiesa and Stefano Carretta and Dario Gerace},
  title = {Quantum Computers as Universal Quantum Simulators: State-of-the-Art and Perspectives},
  journal = {Advanced Quantum Technologies}
}


@article{Temme17,
  doi = {10.1103/physrevlett.119.180509},
  url = {https://doi.org/10.1103%2Fphysrevlett.119.180509},
  year = 2017,
  month = {nov},
  publisher = {American Physical Society ({APS})},
  volume = {119},
  number = {18},
  author = {Kristan Temme and Sergey Bravyi and Jay M. Gambetta},
  title = {Error Mitigation for Short-Depth Quantum Circuits},
  journal = {Physical Review Letters}
}

@misc{Tucci05,
  doi = {10.48550/ARXIV.QUANT-PH/0507171},
  url = {https://arxiv.org/abs/quant-ph/0507171},
  author = {Tucci, Robert R.},
  keywords = {Quantum Physics (quant-ph), FOS: Physical sciences, FOS: Physical sciences},
  title = {An Introduction to Cartan's KAK Decomposition for QC Programmers},
  publisher = {arXiv},
  year = {2005},
  copyright = {Assumed arXiv.org perpetual, non-exclusive license to distribute this article for submissions made before January 2004}
}



@article{Wootton20,
  doi = {10.1088/2058-9565/aba038},
  url = {https://doi.org/10.1088%2F2058-9565%2Faba038},
  year = 2020,
  month = {jul},
  publisher = {{IOP} Publishing},
  volume = {5},
  number = {4},
  pages = {044004},
  author = {James R Wootton},
  title = {Benchmarking near-term devices with quantum error correction},
  journal = {Quantum Science and Technology}
}

@article{Zhang03,
  doi = {10.1103/physreva.67.042313},
   url = {https://doi.org/10.1103%2Fphysreva.67.042313},
  year = 2003,
  month = {apr},
  publisher = {American Physical Society ({APS})},
  volume = {67},
  number = {4},
  author = {Jun Zhang and Jiri Vala and Shankar Sastry and K. Birgitta Whaley},
  title = {Geometric theory of nonlocal two-qubit operations},
  journal = {Physical Review A}
}
